@misc{Apple,
  key = {apple},
  title = {Apple},
  note = {\url{https://developer.apple.com/documentation/}}
}

@misc{AndroidStudio,
  key = {androidstudio},
  title = {AndroidStudio},
  note = {\url{https://developer.android.com/guide/index.html}}
}

@misc{OpenClassroom,
  key = {openclassroom},
  title = {OpenClassroom},
  note = {\url{https://openclassrooms.com}}
}
